<record><leader>00000cas a2200000 a 4500</leader><controlfield tag="001">44267115</controlfield><controlfield tag="008">000608d19621962oruwr ne      0    0eng c</controlfield><datafield ind1=" " ind2=" " tag="010"><subfield code="a">sn 00063548 </subfield></datafield><datafield ind1=" " ind2=" " tag="040"><subfield code="a">OCN</subfield><subfield code="b">eng</subfield><subfield code="c">OCN</subfield><subfield code="d">ORU</subfield><subfield code="d">OCLCQ</subfield><subfield code="d">OCLCO</subfield></datafield><datafield ind1="1" ind2=" " tag="029"><subfield code="a">AU@</subfield><subfield code="b">000021636624</subfield></datafield><datafield ind1=" " ind2=" " tag="042"><subfield code="a">pcc</subfield></datafield><datafield ind1=" " ind2=" " tag="043"><subfield code="a">n-us-or</subfield></datafield><datafield ind1="0" ind2="0" tag="245"><subfield code="a">Parkrose mid County enterprise.</subfield></datafield><datafield ind1=" " ind2=" " tag="260"><subfield code="a">Parkrose, Or. :</subfield><subfield code="b">Parkrose Enterprise,</subfield><subfield code="c">1962.</subfield></datafield><datafield ind1=" " ind2=" " tag="300"><subfield code="a">v.</subfield></datafield><datafield ind1=" " ind2=" " tag="310"><subfield code="a">Weekly</subfield></datafield><datafield ind1="0" ind2=" " tag="362"><subfield code="a">No. 14, [i.e. vol. 15] no. 43 (Oct. 25, 1962)-v. 14 [i.e. v. 15], no. 46 (Nov. 15, 1962).</subfield></datafield><datafield ind1=" " ind2=" " tag="500"><subfield code="a">Some irregularities in numbering.</subfield></datafield><datafield ind1=" " ind2=" " tag="530"><subfield code="a">Also issued on microfilm from University of Oregon.</subfield></datafield><datafield ind1=" " ind2="0" tag="651"><subfield code="a">Parkrose (Or.)</subfield><subfield code="v">Newspapers.</subfield></datafield><datafield ind1=" " ind2="0" tag="651"><subfield code="a">Gresham (Or.)</subfield><subfield code="v">Newspapers.</subfield></datafield><datafield ind1=" " ind2=" " tag="752"><subfield code="a">United States</subfield><subfield code="b">Oregon</subfield><subfield code="c">Multnomah</subfield><subfield code="d">Parkrose.</subfield></datafield><datafield ind1="0" ind2="0" tag="780"><subfield code="t">Parkrose-East County enterprise (1958)</subfield><subfield code="w">(DLC)sn 00063547</subfield><subfield code="w">(OCoLC)44262938</subfield></datafield><datafield ind1="0" ind2="0" tag="785"><subfield code="t">Enterprise (Parkrose, Or. : 1962)</subfield><subfield code="w">(DLC)sn 00063549</subfield><subfield code="w">(OCoLC)44267135</subfield></datafield></record>